<record><leader>00000cas a2200000 a 4500</leader><controlfield tag="001">821963638</controlfield><controlfield tag="008">121218d188u18uuorudr ne      0    0eng c</controlfield><datafield ind1=" " ind2=" " tag="010"><subfield code="a">  2012260562</subfield></datafield><datafield ind1=" " ind2=" " tag="040"><subfield code="a">ORU</subfield><subfield code="b">eng</subfield><subfield code="c">ORU</subfield><subfield code="d">ORU</subfield><subfield code="d">OCLCO</subfield><subfield code="d">OCLCF</subfield></datafield><datafield ind1=" " ind2=" " tag="042"><subfield code="a">pcc</subfield></datafield><datafield ind1=" " ind2=" " tag="043"><subfield code="a">n-us-or</subfield></datafield><datafield ind1="0" ind2=" " tag="130"><subfield code="a">Baker County reveille (Evening ed.)</subfield></datafield><datafield ind1="0" ind2="0" tag="245"><subfield code="a">Baker County reveille.</subfield></datafield><datafield ind1="1" ind2="3" tag="246"><subfield code="a">Daily evening reveille</subfield></datafield><datafield ind1=" " ind2=" " tag="250"><subfield code="a">Evening ed.</subfield></datafield><datafield ind1=" " ind2=" " tag="260"><subfield code="a">Baker City, Baker County, Or. :</subfield><subfield code="b">M.H. Abbott</subfield></datafield><datafield ind1=" " ind2=" " tag="300"><subfield code="a">v.</subfield></datafield><datafield ind1=" " ind2=" " tag="310"><subfield code="a">Daily except Sunday</subfield></datafield><datafield ind1=" " ind2=" " tag="530"><subfield code="a">Also available on microfilm from University of Oregon.</subfield></datafield><datafield ind1=" " ind2=" " tag="588"><subfield code="a">Description based on: Vol. 3, no. 30 (Mar. 4, 1889); title from masthead.</subfield></datafield><datafield ind1=" " ind2=" " tag="588"><subfield code="a">Latest issue consulted: Vol. 3, no. 30 (Mar. 4, 1889).</subfield></datafield><datafield ind1=" " ind2="0" tag="651"><subfield code="a">Baker City (Or.)</subfield><subfield code="v">Newspapers.</subfield></datafield><datafield ind1=" " ind2="0" tag="651"><subfield code="a">Baker County (Or.)</subfield><subfield code="v">Newspapers.</subfield></datafield><datafield ind1=" " ind2="7" tag="655"><subfield code="a">Newspapers.</subfield><subfield code="2">fast</subfield><subfield code="0">(OCoLC)fst01423814</subfield></datafield><datafield ind1=" " ind2="7" tag="651"><subfield code="a">Oregon</subfield><subfield code="z">Baker City.</subfield><subfield code="2">fast</subfield><subfield code="0">(OCoLC)fst01226322</subfield></datafield><datafield ind1=" " ind2="7" tag="651"><subfield code="a">Oregon</subfield><subfield code="z">Baker County.</subfield><subfield code="2">fast</subfield><subfield code="0">(OCoLC)fst01223764</subfield></datafield><datafield ind1=" " ind2=" " tag="752"><subfield code="a">United States</subfield><subfield code="b">Oregon</subfield><subfield code="c">Baker</subfield><subfield code="d">Baker City.</subfield></datafield><datafield ind1="0" ind2=" " tag="775"><subfield code="t">Weekly reveille (Baker City, Or.)</subfield><subfield code="w">(DLC)sn 93051608</subfield><subfield code="w">(OCoLC)30326744</subfield></datafield></record>